{"ret_code":0,"ret_msg":"OK","ext_code":"","ext_info":"","result":[{"id":10319767,"qty":141,"side":"Buy","time":1629992644664,"symbol":"BTCUSD","price":46531.5},{"id":10319768,"qty":870,"side":"Buy","time":1629992644664,"symbol":"BTCUSD","price":46533},{"id":10319781,"qty":1644,"side":"Buy","time":1629992644659,"symbol":"BTCUSD","price":46523},{"id":10319782,"qty":12,"side":"Buy","time":1629992644663,"symbol":"BTCUSD","price":46517.5},{"id":10319783,"qty":218,"side":"Buy","time":1629992644663,"symbol":"BTCUSD","price":46537},{"id":10319784,"qty":68,"side":"Buy","time":1629992644663,"symbol":"BTCUSD","price":46538.5},{"id":10319787,"qty":7936,"side":"Buy","time":1629992644663,"symbol":"BTCUSD","price":46519.5},{"id":10319806,"qty":2028,"side":"Buy","time":1629992644664,"symbol":"BTCUSD","price":46538.5},{"id":10319809,"qty":120000,"side":"Buy","time":1629992644661,"symbol":"BTCUSD","price":46531},{"id":10319810,"qty":5917,"side":"Buy","time":1629992644661,"symbol":"BTCUSD","price":46516},{"id":10319811,"qty":551,"side":"Buy","time":1629992644661,"symbol":"BTCUSD","price":46532.5},{"id":10319814,"qty":1570,"side":"Buy","time":1629992649676,"symbol":"BTCUSD","price":46515},{"id":10319817,"qty":7748,"side":"Buy","time":1629992652682,"symbol":"BTCUSD","price":46512.5},{"id":10319820,"qty":378,"side":"Buy","time":1629992653685,"symbol":"BTCUSD","price":46510},{"id":10319823,"qty":85,"side":"Buy","time":1629992664698,"symbol":"BTCUSD","price":46506},{"id":10319830,"qty":20000,"side":"Buy","time":1629992709837,"symbol":"BTCUSD","price":46502},{"id":10319835,"qty":73,"side":"Buy","time":1629992709836,"symbol":"BTCUSD","price":46503},{"id":10319836,"qty":567,"side":"Buy","time":1629992709836,"symbol":"BTCUSD","price":46502},{"id":10319839,"qty":180,"side":"Buy","time":1629992709837,"symbol":"BTCUSD","price":46501.5},{"id":10319842,"qty":232991,"side":"Buy","time":1629992709842,"symbol":"BTCUSD","price":46503.5},{"id":10319843,"qty":75,"side":"Buy","time":1629992709839,"symbol":"BTCUSD","price":46502},{"id":10319846,"qty":482,"side":"Buy","time":1629992710845,"symbol":"BTCUSD","price":46500.5},{"id":10319852,"qty":105,"side":"Buy","time":1629992710845,"symbol":"BTCUSD","price":46494},{"id":10319855,"qty":4770,"side":"Buy","time":1629992712846,"symbol":"BTCUSD","price":46486.5},{"id":10319864,"qty":6338,"side":"Buy","time":1629992712849,"symbol":"BTCUSD","price":46485.5},{"id":10319865,"qty":446,"side":"Buy","time":1629992712846,"symbol":"BTCUSD","price":46485.5},{"id":10319866,"qty":3,"side":"Buy","time":1629992712846,"symbol":"BTCUSD","price":46490.5},{"id":10319867,"qty":541,"side":"Buy","time":1629992712846,"symbol":"BTCUSD","price":46481},{"id":10319872,"qty":687,"side":"Buy","time":1629992710897,"symbol":"BTCUSD","price":46493},{"id":10319875,"qty":1105,"side":"Buy","time":1629992710899,"symbol":"BTCUSD","price":46492},{"id":10319876,"qty":1912,"side":"Buy","time":1629992712848,"symbol":"BTCUSD","price":46485.5},{"id":10319879,"qty":5996,"side":"Buy","time":1629992712846,"symbol":"BTCUSD","price":46483},{"id":10319884,"qty":2,"side":"Buy","time":1629992710848,"symbol":"BTCUSD","price":46490.5},{"id":10319885,"qty":1,"side":"Buy","time":1629992710848,"symbol":"BTCUSD","price":46490.5},{"id":10319888,"qty":844,"side":"Buy","time":1629992714854,"symbol":"BTCUSD","price":46478.5},{"id":10319972,"qty":1,"side":"Buy","time":1629992946565,"symbol":"BTCUSD","price":46468.5},{"id":10319977,"qty":17,"side":"Buy","time":1629992946560,"symbol":"BTCUSD","price":46475},{"id":10319981,"qty":1,"side":"Buy","time":1629992946561,"symbol":"BTCUSD","price":46468.5},{"id":10320001,"qty":12049,"side":"Buy","time":1629992948572,"symbol":"BTCUSD","price":46463},{"id":10320002,"qty":118,"side":"Buy","time":1629992948574,"symbol":"BTCUSD","price":46467.5},{"id":10320007,"qty":31,"side":"Buy","time":1629992949571,"symbol":"BTCUSD","price":46441.5},{"id":10320008,"qty":8733,"side":"Buy","time":1629992949571,"symbol":"BTCUSD","price":46443.5},{"id":10320019,"qty":37202,"side":"Buy","time":1629992949568,"symbol":"BTCUSD","price":46451.5},{"id":10320020,"qty":103,"side":"Buy","time":1629992949569,"symbol":"BTCUSD","price":46458},{"id":10320021,"qty":114,"side":"Buy","time":1629992948569,"symbol":"BTCUSD","price":46468.5},{"id":10320022,"qty":4,"side":"Buy","time":1629992948569,"symbol":"BTCUSD","price":46468.5},{"id":10320025,"qty":2779,"side":"Buy","time":1629992948568,"symbol":"BTCUSD","price":46463.5},{"id":10320030,"qty":2358,"side":"Buy","time":1629992949568,"symbol":"BTCUSD","price":46457},{"id":10320041,"qty":2125,"side":"Buy","time":1629992948572,"symbol":"BTCUSD","price":46461.5},{"id":10320044,"qty":700,"side":"Buy","time":1629992948571,"symbol":"BTCUSD","price":46467.5},{"id":10320049,"qty":10,"side":"Buy","time":1629992949571,"symbol":"BTCUSD","price":46451.5},{"id":10320050,"qty":2455,"side":"Buy","time":1629992949571,"symbol":"BTCUSD","price":46440.5},{"id":10320051,"qty":2996,"side":"Buy","time":1629992949571,"symbol":"BTCUSD","price":46446.5},{"id":10320052,"qty":744,"side":"Buy","time":1629992949571,"symbol":"BTCUSD","price":46446},{"id":10320059,"qty":1000,"side":"Buy","time":1629992949568,"symbol":"BTCUSD","price":46436},{"id":10320060,"qty":48,"side":"Buy","time":1629992949570,"symbol":"BTCUSD","price":46456},{"id":10320061,"qty":1,"side":"Buy","time":1629992949570,"symbol":"BTCUSD","price":46447},{"id":10320064,"qty":15000,"side":"Buy","time":1629992949570,"symbol":"BTCUSD","price":46455.5},{"id":10320067,"qty":6,"side":"Buy","time":1629992949573,"symbol":"BTCUSD","price":46450.5},{"id":10320070,"qty":1224,"side":"Sell","time":1629993132163,"symbol":"BTCUSD","price":47100.5},{"id":10320073,"qty":1349,"side":"Sell","time":1629993145181,"symbol":"BTCUSD","price":47131},{"id":10320078,"qty":630,"side":"Sell","time":1629993147194,"symbol":"BTCUSD","price":47141},{"id":10320079,"qty":88,"side":"Sell","time":1629993147190,"symbol":"BTCUSD","price":47140},{"id":10320087,"qty":971,"side":"Sell","time":1629993760011,"symbol":"BTCUSD","price":47180},{"id":10320090,"qty":896,"side":"Sell","time":1629993763019,"symbol":"BTCUSD","price":47182},{"id":10320093,"qty":196,"side":"Sell","time":1629993747971,"symbol":"BTCUSD","price":47148},{"id":10320096,"qty":2649,"side":"Sell","time":1629993754998,"symbol":"BTCUSD","price":47171.5},{"id":10320099,"qty":739,"side":"Sell","time":1629993756999,"symbol":"BTCUSD","price":47176.5},{"id":10320102,"qty":704,"side":"Sell","time":1629993763019,"symbol":"BTCUSD","price":47182},{"id":10320158,"qty":1552,"side":"Buy","time":1629994658695,"symbol":"BTCUSD","price":46457.5},{"id":10320243,"qty":1302,"side":"Buy","time":1629994733910,"symbol":"BTCUSD","price":46436},{"id":10320246,"qty":5432,"side":"Buy","time":1629994733906,"symbol":"BTCUSD","price":46436},{"id":10320251,"qty":341,"side":"Buy","time":1629994737919,"symbol":"BTCUSD","price":46431.5},{"id":10320252,"qty":1,"side":"Buy","time":1629994737919,"symbol":"BTCUSD","price":46425.5},{"id":10320255,"qty":2521,"side":"Buy","time":1629994737919,"symbol":"BTCUSD","price":46432.5},{"id":10320258,"qty":1416,"side":"Buy","time":1629994748953,"symbol":"BTCUSD","price":46428},{"id":10320267,"qty":1736,"side":"Buy","time":1629994748958,"symbol":"BTCUSD","price":46426},{"id":10320268,"qty":225,"side":"Buy","time":1629994748955,"symbol":"BTCUSD","price":46426.5},{"id":10320269,"qty":1943,"side":"Buy","time":1629994748956,"symbol":"BTCUSD","price":46425},{"id":10320276,"qty":180,"side":"Buy","time":1629994748963,"symbol":"BTCUSD","price":46429},{"id":10320277,"qty":19955,"side":"Buy","time":1629994749954,"symbol":"BTCUSD","price":46406.5},{"id":10320280,"qty":3840,"side":"Buy","time":1629994748953,"symbol":"BTCUSD","price":46428},{"id":10320287,"qty":15000,"side":"Buy","time":1629994748955,"symbol":"BTCUSD","price":46430.5},{"id":10320290,"qty":20,"side":"Buy","time":1629994749954,"symbol":"BTCUSD","price":46412.5},{"id":10320293,"qty":221,"side":"Buy","time":1629994749954,"symbol":"BTCUSD","price":46413.5},{"id":10320298,"qty":1000,"side":"Buy","time":1629994749956,"symbol":"BTCUSD","price":46406},{"id":10320299,"qty":78,"side":"Buy","time":1629994749956,"symbol":"BTCUSD","price":46418.5},{"id":10320304,"qty":1,"side":"Buy","time":1629994749954,"symbol":"BTCUSD","price":46404},{"id":10320305,"qty":49,"side":"Buy","time":1629994749954,"symbol":"BTCUSD","price":46410.5},{"id":10320314,"qty":7693,"side":"Buy","time":1629994749954,"symbol":"BTCUSD","price":46407},{"id":10320316,"qty":7250,"side":"Buy","time":1629994749957,"symbol":"BTCUSD","price":46418.5},{"id":10320317,"qty":97,"side":"Buy","time":1629994749954,"symbol":"BTCUSD","price":46415.5},{"id":10320322,"qty":500,"side":"Buy","time":1629994750960,"symbol":"BTCUSD","price":46401},{"id":10320389,"qty":3106,"side":"Buy","time":1629994932503,"symbol":"BTCUSD","price":46399},{"id":10320390,"qty":67077,"side":"Buy","time":1629994932501,"symbol":"BTCUSD","price":46399.5},{"id":10320393,"qty":9390,"side":"Buy","time":1629994932503,"symbol":"BTCUSD","price":46400},{"id":10320396,"qty":30000,"side":"Buy","time":1629994932501,"symbol":"BTCUSD","price":46402},{"id":10320401,"qty":371,"side":"Buy","time":1629994935511,"symbol":"BTCUSD","price":46394.5},{"id":10320402,"qty":836,"side":"Buy","time":1629994935511,"symbol":"BTCUSD","price":46393},{"id":10320407,"qty":1,"side":"Buy","time":1629994935511,"symbol":"BTCUSD","price":46382.5},{"id":10320410,"qty":1651,"side":"Buy","time":1629994951560,"symbol":"BTCUSD","price":46383.5},{"id":10320434,"qty":1264,"side":"Buy","time":1629994964603,"symbol":"BTCUSD","price":46375},{"id":10320435,"qty":125,"side":"Buy","time":1629994964601,"symbol":"BTCUSD","price":46372},{"id":10320449,"qty":20000,"side":"Buy","time":1629994965602,"symbol":"BTCUSD","price":46370.5},{"id":10320450,"qty":70,"side":"Buy","time":1629994965599,"symbol":"BTCUSD","price":46370.5},{"id":10320498,"qty":94,"side":"Buy","time":1629994968608,"symbol":"BTCUSD","price":46365.5},{"id":10320503,"qty":5328,"side":"Buy","time":1629994968613,"symbol":"BTCUSD","price":46358.5},{"id":10320506,"qty":500,"side":"Buy","time":1629994968609,"symbol":"BTCUSD","price":46366.5},{"id":10320507,"qty":34629,"side":"Buy","time":1629994968613,"symbol":"BTCUSD","price":46365.5},{"id":10320510,"qty":1609,"side":"Buy","time":1629994968613,"symbol":"BTCUSD","price":46361},{"id":10320513,"qty":966,"side":"Buy","time":1629994972626,"symbol":"BTCUSD","price":46352.5},{"id":10320522,"qty":5535,"side":"Buy","time":1629994972621,"symbol":"BTCUSD","price":46355},{"id":10320525,"qty":1,"side":"Buy","time":1629994973625,"symbol":"BTCUSD","price":46339.5},{"id":10320530,"qty":2,"side":"Buy","time":1629994973628,"symbol":"BTCUSD","price":46339.5},{"id":10320531,"qty":707,"side":"Buy","time":1629994973625,"symbol":"BTCUSD","price":46348},{"id":10320634,"qty":22,"side":"Buy","time":1629994976633,"symbol":"BTCUSD","price":46333.5},{"id":10320637,"qty":1624,"side":"Buy","time":1629994975629,"symbol":"BTCUSD","price":46341.5},{"id":10320642,"qty":421,"side":"Buy","time":1629994977657,"symbol":"BTCUSD","price":46327.5},{"id":10320649,"qty":1000,"side":"Buy","time":1629994976633,"symbol":"BTCUSD","price":46333.5},{"id":10320650,"qty":43,"side":"Buy","time":1629994976633,"symbol":"BTCUSD","price":46336.5},{"id":10320651,"qty":300,"side":"Buy","time":1629994977661,"symbol":"BTCUSD","price":46329.5},{"id":10320663,"qty":869,"side":"Buy","time":1629994977659,"symbol":"BTCUSD","price":46327.5},{"id":10320748,"qty":199,"side":"Buy","time":1629994992697,"symbol":"BTCUSD","price":46326.5},{"id":10320802,"qty":2000,"side":"Buy","time":1629994993685,"symbol":"BTCUSD","price":46320.5},{"id":10320839,"qty":18001,"side":"Buy","time":1629994994690,"symbol":"BTCUSD","price":46319.5},{"id":10321001,"qty":337,"side":"Buy","time":1629994997693,"symbol":"BTCUSD","price":46314.5},{"id":10321030,"qty":216820,"side":"Buy","time":1629994998711,"symbol":"BTCUSD","price":46310.5},{"id":10321148,"qty":17055,"side":"Buy","time":1629995001703,"symbol":"BTCUSD","price":46309},{"id":10321164,"qty":6,"side":"Buy","time":1629995001703,"symbol":"BTCUSD","price":46300},{"id":10321193,"qty":25,"side":"Buy","time":1629995001703,"symbol":"BTCUSD","price":46309.5},{"id":10321196,"qty":17,"side":"Buy","time":1629995002706,"symbol":"BTCUSD","price":46298},{"id":10321201,"qty":9087,"side":"Buy","time":1629995003710,"symbol":"BTCUSD","price":46293.5},{"id":10321202,"qty":800,"side":"Buy","time":1629995003715,"symbol":"BTCUSD","price":46292},{"id":10321205,"qty":500,"side":"Buy","time":1629995003712,"symbol":"BTCUSD","price":46297.5},{"id":10321208,"qty":1655,"side":"Buy","time":1629995004714,"symbol":"BTCUSD","price":46289},{"id":10321211,"qty":4545,"side":"Buy","time":1629995004714,"symbol":"BTCUSD","price":46291},{"id":10321222,"qty":7171,"side":"Buy","time":1629995004714,"symbol":"BTCUSD","price":46290.5},{"id":10321224,"qty":494,"side":"Buy","time":1629995005714,"symbol":"BTCUSD","price":46287},{"id":10321227,"qty":40000,"side":"Buy","time":1629995005717,"symbol":"BTCUSD","price":46287},{"id":10321228,"qty":9664,"side":"Buy","time":1629995005717,"symbol":"BTCUSD","price":46287},{"id":10321237,"qty":689,"side":"Sell","time":1629995667770,"symbol":"BTCUSD","price":47066.5},{"id":10321245,"qty":1423,"side":"Sell","time":1629995741908,"symbol":"BTCUSD","price":47082.5},{"id":10321250,"qty":10009,"side":"Sell","time":1629995741908,"symbol":"BTCUSD","price":47084.5},{"id":10321251,"qty":3342,"side":"Sell","time":1629995741908,"symbol":"BTCUSD","price":47082.5},{"id":10321254,"qty":434,"side":"Sell","time":1629995772995,"symbol":"BTCUSD","price":47099},{"id":10321257,"qty":867,"side":"Sell","time":1629995773996,"symbol":"BTCUSD","price":47102},{"id":10321262,"qty":1,"side":"Sell","time":1629995855245,"symbol":"BTCUSD","price":47125},{"id":10321265,"qty":146,"side":"Sell","time":1629995855241,"symbol":"BTCUSD","price":47122},{"id":10321266,"qty":1,"side":"Sell","time":1629995855241,"symbol":"BTCUSD","price":47125},{"id":10321269,"qty":69787,"side":"Sell","time":1629995855245,"symbol":"BTCUSD","price":47118.5},{"id":10321272,"qty":1000,"side":"Sell","time":1629995873294,"symbol":"BTCUSD","price":47130},{"id":10321277,"qty":981,"side":"Sell","time":1629995876305,"symbol":"BTCUSD","price":47135},{"id":10321278,"qty":494,"side":"Sell","time":1629995876307,"symbol":"BTCUSD","price":47133},{"id":10321287,"qty":641,"side":"Sell","time":1629995941497,"symbol":"BTCUSD","price":47154.5},{"id":10321290,"qty":1587,"side":"Sell","time":1629995948514,"symbol":"BTCUSD","price":47161},{"id":10321295,"qty":1724,"side":"Sell","time":1629996025741,"symbol":"BTCUSD","price":47182.5},{"id":10321296,"qty":416,"side":"Sell","time":1629996025738,"symbol":"BTCUSD","price":47183},{"id":10321301,"qty":433,"side":"Sell","time":1629996031757,"symbol":"BTCUSD","price":47197},{"id":10321302,"qty":9,"side":"Sell","time":1629996031757,"symbol":"BTCUSD","price":47201.5},{"id":10321311,"qty":868,"side":"Sell","time":1629996039778,"symbol":"BTCUSD","price":47203},{"id":10321316,"qty":2567,"side":"Sell","time":1629996041795,"symbol":"BTCUSD","price":47208.5},{"id":10321319,"qty":20,"side":"Sell","time":1629996041784,"symbol":"BTCUSD","price":47206.5},{"id":10321324,"qty":7027,"side":"Sell","time":1629996042800,"symbol":"BTCUSD","price":47210.5},{"id":10321327,"qty":736,"side":"Sell","time":1629996042793,"symbol":"BTCUSD","price":47210.5},{"id":10321339,"qty":10000,"side":"Sell","time":1629996085914,"symbol":"BTCUSD","price":47227},{"id":10321340,"qty":858,"side":"Sell","time":1629996085914,"symbol":"BTCUSD","price":47221},{"id":10321341,"qty":435,"side":"Sell","time":1629996085914,"symbol":"BTCUSD","price":47227.5},{"id":10321344,"qty":2000,"side":"Sell","time":1629996085914,"symbol":"BTCUSD","price":47224},{"id":10321350,"qty":5,"side":"Sell","time":1629996102964,"symbol":"BTCUSD","price":47241},{"id":10321353,"qty":30,"side":"Sell","time":1629996104970,"symbol":"BTCUSD","price":47254.5},{"id":10321356,"qty":28848,"side":"Sell","time":1629996105972,"symbol":"BTCUSD","price":47256.5},{"id":10321359,"qty":730,"side":"Sell","time":1629996162139,"symbol":"BTCUSD","price":47272.5},{"id":10321362,"qty":999,"side":"Sell","time":1629996163168,"symbol":"BTCUSD","price":47276},{"id":10321365,"qty":3000,"side":"Sell","time":1629996167172,"symbol":"BTCUSD","price":47279.5},{"id":10321368,"qty":33458,"side":"Sell","time":1629996169182,"symbol":"BTCUSD","price":47286},{"id":10321371,"qty":704,"side":"Sell","time":1629996169178,"symbol":"BTCUSD","price":47283.5},{"id":10321374,"qty":1308,"side":"Sell","time":1629996173198,"symbol":"BTCUSD","price":47301.5},{"id":10321379,"qty":1601,"side":"Sell","time":1629996172189,"symbol":"BTCUSD","price":47295},{"id":10321382,"qty":63,"side":"Sell","time":1629996172184,"symbol":"BTCUSD","price":47294},{"id":10321385,"qty":341,"side":"Sell","time":1629996173204,"symbol":"BTCUSD","price":47304},{"id":10321421,"qty":801,"side":"Sell","time":1629997276454,"symbol":"BTCUSD","price":47335},{"id":10321422,"qty":2632,"side":"Sell","time":1629997276454,"symbol":"BTCUSD","price":47312},{"id":10321428,"qty":11045,"side":"Sell","time":1629997276448,"symbol":"BTCUSD","price":47312.5},{"id":10321433,"qty":1169,"side":"Sell","time":1629997276448,"symbol":"BTCUSD","price":47313},{"id":10321440,"qty":12217,"side":"Sell","time":1629997276450,"symbol":"BTCUSD","price":47322},{"id":10321441,"qty":529,"side":"Sell","time":1629997276451,"symbol":"BTCUSD","price":47315},{"id":10321444,"qty":200,"side":"Sell","time":1629997276456,"symbol":"BTCUSD","price":47321.5},{"id":10321452,"qty":4,"side":"Sell","time":1629997287481,"symbol":"BTCUSD","price":47354},{"id":10321453,"qty":1000000,"side":"Sell","time":1629997285477,"symbol":"BTCUSD","price":47347.5},{"id":10321456,"qty":5823,"side":"Sell","time":1629997293502,"symbol":"BTCUSD","price":47355.5},{"id":10321461,"qty":1578,"side":"Sell","time":1629998134000,"symbol":"BTCUSD","price":47363},{"id":10321464,"qty":15249,"side":"Sell","time":1629998134000,"symbol":"BTCUSD","price":47364.5},{"id":10321465,"qty":1227,"side":"Sell","time":1629998134000,"symbol":"BTCUSD","price":47359.5},{"id":10321468,"qty":2672,"side":"Sell","time":1629998134001,"symbol":"BTCUSD","price":47359},{"id":10321471,"qty":434,"side":"Sell","time":1629998135002,"symbol":"BTCUSD","price":47366.5},{"id":10321474,"qty":7500,"side":"Sell","time":1629998136003,"symbol":"BTCUSD","price":47368.5},{"id":10321510,"qty":5,"side":"Buy","time":1630001140011,"symbol":"BTCUSD","price":46624.5},{"id":10321513,"qty":100,"side":"Buy","time":1630001145028,"symbol":"BTCUSD","price":46604},{"id":10321516,"qty":318,"side":"Buy","time":1630001144021,"symbol":"BTCUSD","price":46616.5},{"id":10321519,"qty":41326,"side":"Buy","time":1630001145028,"symbol":"BTCUSD","price":46604.5},{"id":10321566,"qty":1609,"side":"Buy","time":1630001403790,"symbol":"BTCUSD","price":46594.5},{"id":10321575,"qty":10000,"side":"Buy","time":1630001405803,"symbol":"BTCUSD","price":46592.5},{"id":10321576,"qty":303617,"side":"Buy","time":1630001405799,"symbol":"BTCUSD","price":46592.5},{"id":10321577,"qty":2,"side":"Buy","time":1630001405794,"symbol":"BTCUSD","price":46577},{"id":10321580,"qty":2623,"side":"Buy","time":1630001405796,"symbol":"BTCUSD","price":46586.5},{"id":10321585,"qty":859,"side":"Buy","time":1630001405797,"symbol":"BTCUSD","price":46592.5},{"id":10321590,"qty":1,"side":"Buy","time":1630001405797,"symbol":"BTCUSD","price":46577},{"id":10321591,"qty":1,"side":"Buy","time":1630001405797,"symbol":"BTCUSD","price":46577},{"id":10321592,"qty":433,"side":"Buy","time":1630001405798,"symbol":"BTCUSD","price":46580},{"id":10321598,"qty":135,"side":"Buy","time":1630001405803,"symbol":"BTCUSD","price":46584.5},{"id":10321607,"qty":184,"side":"Buy","time":1630001443907,"symbol":"BTCUSD","price":46561},{"id":10321610,"qty":5,"side":"Buy","time":1630001446921,"symbol":"BTCUSD","price":46555},{"id":10321613,"qty":10453,"side":"Buy","time":1630001448927,"symbol":"BTCUSD","price":46557.5},{"id":10321621,"qty":13791,"side":"Buy","time":1630001459959,"symbol":"BTCUSD","price":46551.5},{"id":10321622,"qty":26642,"side":"Buy","time":1630001459963,"symbol":"BTCUSD","price":46550},{"id":10321625,"qty":635,"side":"Buy","time":1630001460032,"symbol":"BTCUSD","price":46550.5},{"id":10321645,"qty":434,"side":"Buy","time":1630001805000,"symbol":"BTCUSD","price":46547.5},{"id":10321648,"qty":156,"side":"Buy","time":1630001806004,"symbol":"BTCUSD","price":46546.5},{"id":10321654,"qty":416,"side":"Buy","time":1630001815028,"symbol":"BTCUSD","price":46538.5},{"id":10321659,"qty":1135,"side":"Buy","time":1630001815028,"symbol":"BTCUSD","price":46535.5},{"id":10321662,"qty":456,"side":"Buy","time":1630001815039,"symbol":"BTCUSD","price":46545.5},{"id":10321670,"qty":52975,"side":"Buy","time":1630001816031,"symbol":"BTCUSD","price":46534},{"id":10321688,"qty":1090,"side":"Buy","time":1630001834094,"symbol":"BTCUSD","price":46527},{"id":10321689,"qty":42891,"side":"Buy","time":1630001834091,"symbol":"BTCUSD","price":46526.5},{"id":10321703,"qty":303,"side":"Sell","time":1630003771845,"symbol":"BTCUSD","price":47232},{"id":10321708,"qty":529,"side":"Sell","time":1630003801937,"symbol":"BTCUSD","price":47247},{"id":10321714,"qty":630,"side":"Sell","time":1630003804939,"symbol":"BTCUSD","price":47262.5},{"id":10321717,"qty":4,"side":"Sell","time":1630003805938,"symbol":"BTCUSD","price":47270},{"id":10321720,"qty":3961,"side":"Sell","time":1630003964403,"symbol":"BTCUSD","price":47285.5},{"id":10321723,"qty":2,"side":"Sell","time":1630003995493,"symbol":"BTCUSD","price":47303.5},{"id":10321745,"qty":1,"side":"Buy","time":1630005346524,"symbol":"BTCUSD","price":46598.5},{"id":10321757,"qty":4,"side":"Buy","time":1630005378623,"symbol":"BTCUSD","price":46582.5},{"id":10321763,"qty":10,"side":"Buy","time":1630005468893,"symbol":"BTCUSD","price":46568},{"id":10321772,"qty":704,"side":"Buy","time":1630006170999,"symbol":"BTCUSD","price":46550.5},{"id":10321794,"qty":410,"side":"Sell","time":1630007560180,"symbol":"BTCUSD","price":47238},{"id":10321800,"qty":809,"side":"Sell","time":1630007688534,"symbol":"BTCUSD","price":47268.5},{"id":10321803,"qty":3099,"side":"Sell","time":1630007697558,"symbol":"BTCUSD","price":47276.5},{"id":10321811,"qty":921,"side":"Sell","time":1630008103754,"symbol":"BTCUSD","price":47292.5},{"id":10321843,"qty":137,"side":"Sell","time":1630011645330,"symbol":"BTCUSD","price":47301.5},{"id":10321844,"qty":5000,"side":"Sell","time":1630011645324,"symbol":"BTCUSD","price":47302.5},{"id":10321847,"qty":199,"side":"Sell","time":1630011818845,"symbol":"BTCUSD","price":47371},{"id":10321850,"qty":434,"side":"Sell","time":1630011821848,"symbol":"BTCUSD","price":47373},{"id":10321855,"qty":1046,"side":"Sell","time":1630011837899,"symbol":"BTCUSD","price":47373.5},{"id":10321856,"qty":16412,"side":"Sell","time":1630011837898,"symbol":"BTCUSD","price":47373.5},{"id":10321864,"qty":11113,"side":"Sell","time":1630011853944,"symbol":"BTCUSD","price":47394.5},{"id":10321867,"qty":16079,"side":"Sell","time":1630011854953,"symbol":"BTCUSD","price":47396},{"id":10321870,"qty":3,"side":"Sell","time":1630011895066,"symbol":"BTCUSD","price":47400.5},{"id":10321876,"qty":19,"side":"Sell","time":1630011974308,"symbol":"BTCUSD","price":47409.5},{"id":10321879,"qty":43924,"side":"Sell","time":1630011974322,"symbol":"BTCUSD","price":47407.5},{"id":10321890,"qty":7,"side":"Sell","time":1630011983334,"symbol":"BTCUSD","price":47422},{"id":10321891,"qty":2466,"side":"Sell","time":1630011983337,"symbol":"BTCUSD","price":47418.5},{"id":10321896,"qty":68,"side":"Sell","time":1630011987344,"symbol":"BTCUSD","price":47424},{"id":10321899,"qty":248,"side":"Sell","time":1630011987350,"symbol":"BTCUSD","price":47426.5},{"id":10321902,"qty":1,"side":"Sell","time":1630012000381,"symbol":"BTCUSD","price":47438},{"id":10321905,"qty":15,"side":"Sell","time":1630012002390,"symbol":"BTCUSD","price":47435},{"id":10321908,"qty":189476,"side":"Sell","time":1630012024452,"symbol":"BTCUSD","price":47440.5},{"id":10321913,"qty":869,"side":"Sell","time":1630012112716,"symbol":"BTCUSD","price":47445},{"id":10321916,"qty":17,"side":"Sell","time":1630012113711,"symbol":"BTCUSD","price":47452.5},{"id":10321922,"qty":3059,"side":"Sell","time":1630012135789,"symbol":"BTCUSD","price":47458},{"id":10321925,"qty":302,"side":"Sell","time":1630012135784,"symbol":"BTCUSD","price":47458.5},{"id":10321928,"qty":11292,"side":"Sell","time":1630012136790,"symbol":"BTCUSD","price":47467},{"id":10321934,"qty":2,"side":"Sell","time":1630012136790,"symbol":"BTCUSD","price":47472},{"id":10321946,"qty":6325,"side":"Sell","time":1630012142805,"symbol":"BTCUSD","price":47483.5},{"id":10321953,"qty":807,"side":"Sell","time":1630012142805,"symbol":"BTCUSD","price":47478},{"id":10321954,"qty":1,"side":"Sell","time":1630012142805,"symbol":"BTCUSD","price":47483},{"id":10321957,"qty":8842,"side":"Sell","time":1630012142809,"symbol":"BTCUSD","price":47486.5},{"id":10321960,"qty":249,"side":"Sell","time":1630012142810,"symbol":"BTCUSD","price":47474.5},{"id":10321963,"qty":86,"side":"Sell","time":1630012158855,"symbol":"BTCUSD","price":47491.5},{"id":10321966,"qty":177,"side":"Sell","time":1630012171897,"symbol":"BTCUSD","price":47495},{"id":10321971,"qty":2355,"side":"Sell","time":1630012212009,"symbol":"BTCUSD","price":47507},{"id":10321972,"qty":1260,"side":"Sell","time":1630012212009,"symbol":"BTCUSD","price":47505},{"id":10321975,"qty":1584,"side":"Sell","time":1630012213011,"symbol":"BTCUSD","price":47509.5},{"id":10321978,"qty":13,"side":"Sell","time":1630012213011,"symbol":"BTCUSD","price":47512.5},{"id":10321981,"qty":1057,"side":"Sell","time":1630012398562,"symbol":"BTCUSD","price":47513},{"id":10322031,"qty":24757,"side":"Sell","time":1630012811800,"symbol":"BTCUSD","price":47518},{"id":10322056,"qty":6,"side":"Sell","time":1630012981310,"symbol":"BTCUSD","price":47532},{"id":10322061,"qty":570,"side":"Sell","time":1630012981310,"symbol":"BTCUSD","price":47533},{"id":10322065,"qty":156,"side":"Sell","time":1630012981310,"symbol":"BTCUSD","price":47524.5},{"id":10322068,"qty":1689,"side":"Sell","time":1630012981310,"symbol":"BTCUSD","price":47522.5},{"id":10322081,"qty":132,"side":"Sell","time":1630012987323,"symbol":"BTCUSD","price":47545},{"id":10322082,"qty":868,"side":"Sell","time":1630012987335,"symbol":"BTCUSD","price":47547},{"id":10322083,"qty":843,"side":"Sell","time":1630012987335,"symbol":"BTCUSD","price":47545},{"id":10322091,"qty":228,"side":"Sell","time":1630013024430,"symbol":"BTCUSD","price":47551},{"id":10322115,"qty":29,"side":"Sell","time":1630014589190,"symbol":"BTCUSD","price":47556.5},{"id":10322125,"qty":40,"side":"Sell","time":1630015246208,"symbol":"BTCUSD","price":47594},{"id":10322128,"qty":1586,"side":"Sell","time":1630015246209,"symbol":"BTCUSD","price":47584},{"id":10322129,"qty":10000,"side":"Sell","time":1630015246208,"symbol":"BTCUSD","price":47582.5},{"id":10322130,"qty":4042,"side":"Sell","time":1630015246209,"symbol":"BTCUSD","price":47585.5},{"id":10322135,"qty":1023,"side":"Sell","time":1630016724744,"symbol":"BTCUSD","price":47605.5},{"id":10322138,"qty":1,"side":"Sell","time":1630016743789,"symbol":"BTCUSD","price":47619},{"id":10322144,"qty":791,"side":"Sell","time":1630016776896,"symbol":"BTCUSD","price":47618},{"id":10322147,"qty":27591,"side":"Sell","time":1630016783912,"symbol":"BTCUSD","price":47625},{"id":10322150,"qty":75000,"side":"Sell","time":1630016796953,"symbol":"BTCUSD","price":47632},{"id":10322153,"qty":2303,"side":"Sell","time":1630016798958,"symbol":"BTCUSD","price":47640},{"id":10322156,"qty":1,"side":"Sell","time":1630016842101,"symbol":"BTCUSD","price":47664},{"id":10322161,"qty":8,"side":"Sell","time":1630016842107,"symbol":"BTCUSD","price":47658.5},{"id":10322166,"qty":18037,"side":"Sell","time":1630016870201,"symbol":"BTCUSD","price":47667},{"id":10322199,"qty":1194,"side":"Sell","time":1630016943419,"symbol":"BTCUSD","price":47667.5},{"id":10322200,"qty":541,"side":"Sell","time":1630016943422,"symbol":"BTCUSD","price":47668.5},{"id":10322201,"qty":10988,"side":"Sell","time":1630016943422,"symbol":"BTCUSD","price":47670.5},{"id":10322204,"qty":1,"side":"Sell","time":1630017049739,"symbol":"BTCUSD","price":47687},{"id":10322207,"qty":48,"side":"Sell","time":1630017049739,"symbol":"BTCUSD","price":47677.5},{"id":10322210,"qty":43,"side":"Sell","time":1630017066795,"symbol":"BTCUSD","price":47682},{"id":10322215,"qty":320,"side":"Sell","time":1630017069808,"symbol":"BTCUSD","price":47685.5},{"id":10322218,"qty":6,"side":"Sell","time":1630017069803,"symbol":"BTCUSD","price":47687},{"id":10322221,"qty":238,"side":"Sell","time":1630017083850,"symbol":"BTCUSD","price":47687.5},{"id":10322239,"qty":114,"side":"Buy","time":1630018488127,"symbol":"BTCUSD","price":46923},{"id":10322244,"qty":1172,"side":"Buy","time":1630018900386,"symbol":"BTCUSD","price":46911},{"id":10322245,"qty":6598,"side":"Buy","time":1630018900386,"symbol":"BTCUSD","price":46911},{"id":10322248,"qty":1,"side":"Buy","time":1630018901392,"symbol":"BTCUSD","price":46882.5},{"id":10322251,"qty":13206,"side":"Buy","time":1630018969599,"symbol":"BTCUSD","price":46879},{"id":10322256,"qty":1866,"side":"Buy","time":1630018970602,"symbol":"BTCUSD","price":46875},{"id":10322257,"qty":12815,"side":"Buy","time":1630018970606,"symbol":"BTCUSD","price":46876.5},{"id":10322262,"qty":1908,"side":"Buy","time":1630018970601,"symbol":"BTCUSD","price":46872},{"id":10322263,"qty":2382,"side":"Buy","time":1630018970601,"symbol":"BTCUSD","price":46872},{"id":10322266,"qty":20986,"side":"Buy","time":1630018980631,"symbol":"BTCUSD","price":46865.5},{"id":10322269,"qty":2308,"side":"Buy","time":1630019085947,"symbol":"BTCUSD","price":46858},{"id":10322278,"qty":1,"side":"Buy","time":1630019087955,"symbol":"BTCUSD","price":46838.5},{"id":10322281,"qty":564,"side":"Buy","time":1630019088959,"symbol":"BTCUSD","price":46842},{"id":10322284,"qty":1,"side":"Buy","time":1630019090965,"symbol":"BTCUSD","price":46816.5},{"id":10322289,"qty":1,"side":"Buy","time":1630019090967,"symbol":"BTCUSD","price":46816.5},{"id":10322290,"qty":10,"side":"Buy","time":1630019090967,"symbol":"BTCUSD","price":46834.5},{"id":10322293,"qty":8521,"side":"Buy","time":1630019090962,"symbol":"BTCUSD","price":46836.5},{"id":10322298,"qty":424,"side":"Buy","time":1630019090962,"symbol":"BTCUSD","price":46836.5},{"id":10322301,"qty":22481,"side":"Buy","time":1630019090970,"symbol":"BTCUSD","price":46832},{"id":10322319,"qty":100,"side":"Sell","time":1630020684792,"symbol":"BTCUSD","price":47549.5},{"id":10322322,"qty":42704,"side":"Sell","time":1630020696828,"symbol":"BTCUSD","price":47572.5},{"id":10322325,"qty":58030,"side":"Sell","time":1630020713882,"symbol":"BTCUSD","price":47610},{"id":10322328,"qty":8691,"side":"Sell","time":1630021162231,"symbol":"BTCUSD","price":47621.5},{"id":10322331,"qty":7628,"side":"Sell","time":1630021170260,"symbol":"BTCUSD","price":47628.5},{"id":10322336,"qty":1013,"side":"Sell","time":1630021175283,"symbol":"BTCUSD","price":47637},{"id":10322411,"qty":30,"side":"Buy","time":1630022081040,"symbol":"BTCUSD","price":46911},{"id":10322414,"qty":1795,"side":"Buy","time":1630022081040,"symbol":"BTCUSD","price":46911},{"id":10322417,"qty":1301,"side":"Buy","time":1630022082043,"symbol":"BTCUSD","price":46904},{"id":10322435,"qty":3,"side":"Buy","time":1630022086056,"symbol":"BTCUSD","price":46890},{"id":10322447,"qty":1,"side":"Buy","time":1630022087060,"symbol":"BTCUSD","price":46860.5},{"id":10322450,"qty":756,"side":"Buy","time":1630022086059,"symbol":"BTCUSD","price":46887.5},{"id":10322453,"qty":10,"side":"Buy","time":1630022086056,"symbol":"BTCUSD","price":46887},{"id":10322461,"qty":2798,"side":"Buy","time":1630022087059,"symbol":"BTCUSD","price":46872},{"id":10322490,"qty":523,"side":"Buy","time":1630022097091,"symbol":"BTCUSD","price":46863},{"id":10322491,"qty":1297,"side":"Buy","time":1630022097086,"symbol":"BTCUSD","price":46856},{"id":10322494,"qty":1310,"side":"Buy","time":1630022097189,"symbol":"BTCUSD","price":46863},{"id":10322497,"qty":4948,"side":"Buy","time":1630022099092,"symbol":"BTCUSD","price":46851.5},{"id":10322551,"qty":47,"side":"Buy","time":1630022187362,"symbol":"BTCUSD","price":46816.5},{"id":10322563,"qty":2,"side":"Buy","time":1630022188448,"symbol":"BTCUSD","price":46806},{"id":10322566,"qty":250,"side":"Buy","time":1630022189371,"symbol":"BTCUSD","price":46793},{"id":10322569,"qty":1,"side":"Buy","time":1630022192379,"symbol":"BTCUSD","price":46773},{"id":10322580,"qty":34,"side":"Buy","time":1630022193389,"symbol":"BTCUSD","price":46778.5},{"id":10322583,"qty":4377,"side":"Buy","time":1630022189367,"symbol":"BTCUSD","price":46791},{"id":10322594,"qty":2043,"side":"Buy","time":1630022194385,"symbol":"BTCUSD","price":46769.5},{"id":10322601,"qty":3457,"side":"Buy","time":1630022194385,"symbol":"BTCUSD","price":46770.5},{"id":10322606,"qty":420,"side":"Buy","time":1630022194388,"symbol":"BTCUSD","price":46770},{"id":10322607,"qty":91,"side":"Buy","time":1630022194388,"symbol":"BTCUSD","price":46770.5},{"id":10322613,"qty":25000,"side":"Buy","time":1630022194382,"symbol":"BTCUSD","price":46774.5},{"id":10322616,"qty":2492,"side":"Buy","time":1630022196394,"symbol":"BTCUSD","price":46747},{"id":10322619,"qty":150,"side":"Buy","time":1630022195388,"symbol":"BTCUSD","price":46762},{"id":10322622,"qty":264,"side":"Buy","time":1630022195388,"symbol":"BTCUSD","price":46752.5},{"id":10322627,"qty":11,"side":"Buy","time":1630022195391,"symbol":"BTCUSD","price":46753},{"id":10322630,"qty":3458,"side":"Buy","time":1630022196394,"symbol":"BTCUSD","price":46751},{"id":10322633,"qty":47785,"side":"Buy","time":1630022195390,"symbol":"BTCUSD","price":46760},{"id":10322636,"qty":18602,"side":"Buy","time":1630022206430,"symbol":"BTCUSD","price":46741},{"id":10322639,"qty":112331,"side":"Buy","time":1630022207423,"symbol":"BTCUSD","price":46732},{"id":10322642,"qty":500,"side":"Buy","time":1630022208427,"symbol":"BTCUSD","price":46720},{"id":10322645,"qty":10499,"side":"Buy","time":1630022208433,"symbol":"BTCUSD","price":46714.5},{"id":10322662,"qty":11886,"side":"Buy","time":1630022215448,"symbol":"BTCUSD","price":46705},{"id":10322665,"qty":997,"side":"Buy","time":1630022215453,"symbol":"BTCUSD","price":46699},{"id":10322666,"qty":64,"side":"Buy","time":1630022215450,"symbol":"BTCUSD","price":46698},{"id":10322675,"qty":3318,"side":"Buy","time":1630022219464,"symbol":"BTCUSD","price":46673.5},{"id":10322678,"qty":627,"side":"Buy","time":1630022218457,"symbol":"BTCUSD","price":46680.5},{"id":10322681,"qty":10292,"side":"Buy","time":1630022218462,"symbol":"BTCUSD","price":46679},{"id":10322686,"qty":45208,"side":"Buy","time":1630022219459,"symbol":"BTCUSD","price":46676},{"id":10322687,"qty":434,"side":"Buy","time":1630022219461,"symbol":"BTCUSD","price":46668.5},{"id":10322742,"qty":37,"side":"Buy","time":1630022371916,"symbol":"BTCUSD","price":46644.5},{"id":10322762,"qty":1293,"side":"Buy","time":1630022371918,"symbol":"BTCUSD","price":46652.5},{"id":10322767,"qty":200,"side":"Buy","time":1630022372919,"symbol":"BTCUSD","price":46640},{"id":10322768,"qty":10000,"side":"Buy","time":1630022373920,"symbol":"BTCUSD","price":46622},{"id":10322773,"qty":755,"side":"Buy","time":1630022371916,"symbol":"BTCUSD","price":46651},{"id":10322774,"qty":506,"side":"Buy","time":1630022371916,"symbol":"BTCUSD","price":46658.5},{"id":10322779,"qty":100820,"side":"Buy","time":1630022372923,"symbol":"BTCUSD","price":46634},{"id":10322782,"qty":119,"side":"Buy","time":1630022373924,"symbol":"BTCUSD","price":46612},{"id":10322792,"qty":65,"side":"Buy","time":1630022374921,"symbol":"BTCUSD","price":46608},{"id":10322793,"qty":15,"side":"Buy","time":1630022374921,"symbol":"BTCUSD","price":46600},{"id":10322798,"qty":1989,"side":"Buy","time":1630022373925,"symbol":"BTCUSD","price":46609},{"id":10322802,"qty":1052,"side":"Buy","time":1630022374922,"symbol":"BTCUSD","price":46609},{"id":10322807,"qty":874,"side":"Buy","time":1630022376936,"symbol":"BTCUSD","price":46599},{"id":10322808,"qty":4701,"side":"Buy","time":1630022374921,"symbol":"BTCUSD","price":46608.5},{"id":10322811,"qty":200,"side":"Buy","time":1630022376927,"symbol":"BTCUSD","price":46599.5},{"id":10322863,"qty":1631,"side":"Buy","time":1630022450172,"symbol":"BTCUSD","price":46593},{"id":10322866,"qty":467,"side":"Buy","time":1630022451174,"symbol":"BTCUSD","price":46588},{"id":10322869,"qty":1,"side":"Buy","time":1630022458195,"symbol":"BTCUSD","price":46555},{"id":10322874,"qty":343,"side":"Buy","time":1630022458193,"symbol":"BTCUSD","price":46569},{"id":10322875,"qty":131,"side":"Buy","time":1630022458193,"symbol":"BTCUSD","price":46568},{"id":10322880,"qty":6429,"side":"Buy","time":1630022451174,"symbol":"BTCUSD","price":46584.5},{"id":10322883,"qty":103929,"side":"Buy","time":1630022453179,"symbol":"BTCUSD","price":46580},{"id":10322886,"qty":36386,"side":"Buy","time":1630022458193,"symbol":"BTCUSD","price":46570.5},{"id":10322891,"qty":82,"side":"Buy","time":1630022458193,"symbol":"BTCUSD","price":46565.5},{"id":10322892,"qty":419,"side":"Buy","time":1630022458193,"symbol":"BTCUSD","price":46569.5},{"id":10322895,"qty":21623,"side":"Buy","time":1630022458203,"symbol":"BTCUSD","price":46569.5},{"id":10322909,"qty":2651,"side":"Buy","time":1630023072028,"symbol":"BTCUSD","price":46577},{"id":10322915,"qty":55,"side":"Buy","time":1630023123195,"symbol":"BTCUSD","price":46553},{"id":10322918,"qty":16221,"side":"Buy","time":1630023139236,"symbol":"BTCUSD","price":46532},{"id":10322923,"qty":16,"side":"Buy","time":1630023139244,"symbol":"BTCUSD","price":46545.5},{"id":10322928,"qty":15000,"side":"Buy","time":1630023139244,"symbol":"BTCUSD","price":46536},{"id":10322929,"qty":583,"side":"Buy","time":1630023139240,"symbol":"BTCUSD","price":46534.5},{"id":10322930,"qty":5926,"side":"Buy","time":1630023139236,"symbol":"BTCUSD","price":46539},{"id":10322936,"qty":2031,"side":"Buy","time":1630023140242,"symbol":"BTCUSD","price":46528},{"id":10322959,"qty":42,"side":"Buy","time":1630023163320,"symbol":"BTCUSD","price":46501.5},{"id":10322962,"qty":22136,"side":"Buy","time":1630023164323,"symbol":"BTCUSD","price":46493.5},{"id":10322965,"qty":50,"side":"Buy","time":1630023164324,"symbol":"BTCUSD","price":46491.5},{"id":10322968,"qty":2,"side":"Buy","time":1630023164320,"symbol":"BTCUSD","price":46479.5},{"id":10322971,"qty":332,"side":"Buy","time":1630023164323,"symbol":"BTCUSD","price":46494},{"id":10322976,"qty":7,"side":"Buy","time":1630023163321,"symbol":"BTCUSD","price":46518},{"id":10322977,"qty":2904,"side":"Buy","time":1630023163321,"symbol":"BTCUSD","price":46512},{"id":10322982,"qty":124563,"side":"Buy","time":1630023164325,"symbol":"BTCUSD","price":46490.5},{"id":10322983,"qty":390,"side":"Buy","time":1630023164325,"symbol":"BTCUSD","price":46491},{"id":10322988,"qty":10131,"side":"Buy","time":1630023165325,"symbol":"BTCUSD","price":46480.5},{"id":10322989,"qty":17,"side":"Buy","time":1630023163323,"symbol":"BTCUSD","price":46501.5},{"id":10322994,"qty":1266,"side":"Buy","time":1630023166333,"symbol":"BTCUSD","price":46470.5},{"id":10322995,"qty":1798,"side":"Buy","time":1630023165325,"symbol":"BTCUSD","price":46485},{"id":10322998,"qty":433,"side":"Buy","time":1630023164325,"symbol":"BTCUSD","price":46493},{"id":10323003,"qty":38,"side":"Buy","time":1630023166327,"symbol":"BTCUSD","price":46474.5},{"id":10323004,"qty":8177,"side":"Buy","time":1630023164321,"symbol":"BTCUSD","price":46496},{"id":10323014,"qty":1613,"side":"Buy","time":1630023167333,"symbol":"BTCUSD","price":46452.5},{"id":10323022,"qty":36305,"side":"Buy","time":1630023166333,"symbol":"BTCUSD","price":46466},{"id":10323023,"qty":2000,"side":"Buy","time":1630023163318,"symbol":"BTCUSD","price":46514},{"id":10323024,"qty":12748,"side":"Buy","time":1630023166333,"symbol":"BTCUSD","price":46470.5},{"id":10323025,"qty":894,"side":"Buy","time":1630023163318,"symbol":"BTCUSD","price":46507},{"id":10323026,"qty":50,"side":"Buy","time":1630023163318,"symbol":"BTCUSD","price":46506.5},{"id":10323029,"qty":39510,"side":"Buy","time":1630023167345,"symbol":"BTCUSD","price":46452},{"id":10323032,"qty":3,"side":"Buy","time":1630023167330,"symbol":"BTCUSD","price":46454.5},{"id":10323038,"qty":3944,"side":"Buy","time":1630023165340,"symbol":"BTCUSD","price":46489},{"id":10323049,"qty":18000,"side":"Buy","time":1630023167336,"symbol":"BTCUSD","price":46451.5},{"id":10323052,"qty":2934,"side":"Buy","time":1630023167336,"symbol":"BTCUSD","price":46448.5},{"id":10323053,"qty":1798,"side":"Buy","time":1630023167330,"symbol":"BTCUSD","price":46455.5},{"id":10323054,"qty":2332,"side":"Buy","time":1630023165329,"symbol":"BTCUSD","price":46484.5},{"id":10323057,"qty":50,"side":"Buy","time":1630023166328,"symbol":"BTCUSD","price":46474},{"id":10323058,"qty":3215,"side":"Buy","time":1630023166332,"symbol":"BTCUSD","price":46462},{"id":10323063,"qty":4708,"side":"Buy","time":1630023165325,"symbol":"BTCUSD","price":46479.5},{"id":10323064,"qty":1257,"side":"Buy","time":1630023165325,"symbol":"BTCUSD","price":46482.5},{"id":10323067,"qty":273,"side":"Buy","time":1630023167330,"symbol":"BTCUSD","price":46432.5},{"id":10323072,"qty":173,"side":"Buy","time":1630023166333,"symbol":"BTCUSD","price":46463.5},{"id":10323073,"qty":867,"side":"Buy","time":1630023165325,"symbol":"BTCUSD","price":46480.5},{"id":10323078,"qty":25,"side":"Buy","time":1630023166340,"symbol":"BTCUSD","price":46477.5},{"id":10323083,"qty":13782,"side":"Buy","time":1630023166332,"symbol":"BTCUSD","price":46465.5},{"id":10323087,"qty":5987,"side":"Buy","time":1630023166327,"symbol":"BTCUSD","price":46473.5},{"id":10323092,"qty":5674,"side":"Buy","time":1630023167330,"symbol":"BTCUSD","price":46431.5},{"id":10323095,"qty":949,"side":"Buy","time":1630023167331,"symbol":"BTCUSD","price":46455},{"id":10323102,"qty":1602,"side":"Buy","time":1630023167336,"symbol":"BTCUSD","price":46434.5},{"id":10323103,"qty":724,"side":"Buy","time":1630023167336,"symbol":"BTCUSD","price":46442},{"id":10323104,"qty":61,"side":"Buy","time":1630023167336,"symbol":"BTCUSD","price":46436.5},{"id":10323107,"qty":79191,"side":"Buy","time":1630023167336,"symbol":"BTCUSD","price":46447},{"id":10323116,"qty":502358,"side":"Buy","time":1630023167330,"symbol":"BTCUSD","price":46438},{"id":10323117,"qty":5977,"side":"Buy","time":1630023167330,"symbol":"BTCUSD","price":46450.5},{"id":10323118,"qty":200,"side":"Buy","time":1630023167330,"symbol":"BTCUSD","price":46443.5},{"id":10323121,"qty":10,"side":"Buy","time":1630023167335,"symbol":"BTCUSD","price":46458},{"id":10323139,"qty":2,"side":"Buy","time":1630023275677,"symbol":"BTCUSD","price":46414.5},{"id":10323144,"qty":5123,"side":"Buy","time":1630023275672,"symbol":"BTCUSD","price":46424.5},{"id":10323145,"qty":6,"side":"Buy","time":1630023275672,"symbol":"BTCUSD","price":46425.5},{"id":10323151,"qty":168,"side":"Buy","time":1630023300728,"symbol":"BTCUSD","price":46414},{"id":10323153,"qty":228440,"side":"Buy","time":1630023300727,"symbol":"BTCUSD","price":46417},{"id":10323154,"qty":14242,"side":"Buy","time":1630023300727,"symbol":"BTCUSD","price":46418},{"id":10323159,"qty":4905,"side":"Buy","time":1630023340848,"symbol":"BTCUSD","price":46412},{"id":10323160,"qty":4046,"side":"Buy","time":1630023340848,"symbol":"BTCUSD","price":46413},{"id":10323163,"qty":2057,"side":"Buy","time":1630023340848,"symbol":"BTCUSD","price":46410},{"id":10323176,"qty":3648,"side":"Buy","time":1630023342869,"symbol":"BTCUSD","price":46404},{"id":10323181,"qty":7380,"side":"Buy","time":1630023344876,"symbol":"BTCUSD","price":46400.5},{"id":10323184,"qty":158,"side":"Buy","time":1630023344865,"symbol":"BTCUSD","price":46402.5},{"id":10323187,"qty":2709,"side":"Buy","time":1630023344866,"symbol":"BTCUSD","price":46405.5},{"id":10323192,"qty":350,"side":"Buy","time":1630023344865,"symbol":"BTCUSD","price":46402},{"id":10323195,"qty":1410,"side":"Buy","time":1630023344869,"symbol":"BTCUSD","price":46400},{"id":10323198,"qty":88,"side":"Buy","time":1630023348879,"symbol":"BTCUSD","price":46399.5},{"id":10323221,"qty":901,"side":"Buy","time":1630023359912,"symbol":"BTCUSD","price":46396.5},{"id":10323226,"qty":16000,"side":"Buy","time":1630023359910,"symbol":"BTCUSD","price":46400},{"id":10323227,"qty":1500,"side":"Buy","time":1630023359911,"symbol":"BTCUSD","price":46393},{"id":10323228,"qty":452,"side":"Buy","time":1630023359914,"symbol":"BTCUSD","price":46392},{"id":10323254,"qty":1,"side":"Buy","time":1630023360913,"symbol":"BTCUSD","price":46382.5},{"id":10323286,"qty":438,"side":"Buy","time":1630023373959,"symbol":"BTCUSD","price":46368},{"id":10323289,"qty":980,"side":"Buy","time":1630023373957,"symbol":"BTCUSD","price":46371.5},{"id":10323292,"qty":1400,"side":"Buy","time":1630023373961,"symbol":"BTCUSD","price":46383},{"id":10323321,"qty":21000,"side":"Buy","time":1630023374962,"symbol":"BTCUSD","price":46360},{"id":10323327,"qty":1,"side":"Buy","time":1630023373956,"symbol":"BTCUSD","price":46361},{"id":10323339,"qty":8478,"side":"Buy","time":1630023374957,"symbol":"BTCUSD","price":46358.5},{"id":10323342,"qty":4,"side":"Buy","time":1630023373954,"symbol":"BTCUSD","price":46366.5},{"id":10323345,"qty":2,"side":"Buy","time":1630023374957,"symbol":"BTCUSD","price":46350},{"id":10323379,"qty":1662,"side":"Buy","time":1630023383986,"symbol":"BTCUSD","price":46353},{"id":10323442,"qty":433,"side":"Buy","time":1630023383983,"symbol":"BTCUSD","price":46352.5},{"id":10323465,"qty":615653,"side":"Buy","time":1630023384986,"symbol":"BTCUSD","price":46353.5},{"id":10323475,"qty":433,"side":"Buy","time":1630023388000,"symbol":"BTCUSD","price":46331.5},{"id":10323476,"qty":1000,"side":"Buy","time":1630023387997,"symbol":"BTCUSD","price":46330},{"id":10323477,"qty":7004,"side":"Buy","time":1630023387996,"symbol":"BTCUSD","price":46335},{"id":10323489,"qty":300,"side":"Buy","time":1630023386998,"symbol":"BTCUSD","price":46335.5},{"id":10323491,"qty":2500,"side":"Buy","time":1630023385991,"symbol":"BTCUSD","price":46345.5},{"id":10323494,"qty":448,"side":"Buy","time":1630023385991,"symbol":"BTCUSD","price":46349},{"id":10323500,"qty":6173,"side":"Buy","time":1630023385989,"symbol":"BTCUSD","price":46347},{"id":10323503,"qty":1,"side":"Buy","time":1630023385992,"symbol":"BTCUSD","price":46339.5},{"id":10323504,"qty":9000,"side":"Buy","time":1630023385989,"symbol":"BTCUSD","price":46347.5},{"id":10323554,"qty":50000,"side":"Buy","time":1630023386997,"symbol":"BTCUSD","price":46339.5},{"id":10323568,"qty":10000,"side":"Buy","time":1630023391009,"symbol":"BTCUSD","price":46329.5},{"id":10323571,"qty":33,"side":"Buy","time":1630023391004,"symbol":"BTCUSD","price":46327.5},{"id":10323584,"qty":1386,"side":"Buy","time":1630023404046,"symbol":"BTCUSD","price":46323}],"time_now":"1630049819.663842"}